<record><leader>00000cas a2200000 i 4500</leader><controlfield tag="001">889870029</controlfield><controlfield tag="006">m     o  d        </controlfield><controlfield tag="007">cr |||||||||||</controlfield><controlfield tag="008">140903d18681895inuwr neo     0   a0eng  </controlfield><datafield ind1=" " ind2=" " tag="010"><subfield code="a">  2014218473</subfield></datafield><datafield ind1=" " ind2=" " tag="040"><subfield code="a">DLC</subfield><subfield code="b">eng</subfield><subfield code="e">rda</subfield><subfield code="c">DLC</subfield><subfield code="d">DLC</subfield><subfield code="d">OCLCF</subfield></datafield><datafield ind1="0" ind2=" " tag="022"><subfield code="a">2374-5827</subfield><subfield code="2">1</subfield></datafield><datafield ind1=" " ind2=" " tag="042"><subfield code="a">pcc</subfield><subfield code="a">nsdp</subfield></datafield><datafield ind1=" " ind2=" " tag="043"><subfield code="a">n-us-in</subfield></datafield><datafield ind1="1" ind2="0" tag="050"><subfield code="a">ISSN RECORD</subfield></datafield><datafield ind1="0" ind2="0" tag="082"><subfield code="a">071</subfield><subfield code="2">23</subfield></datafield><datafield ind1="0" ind2=" " tag="130"><subfield code="a">Indiana State sentinel (Indianapolis, Ind. : 1868 : Online)</subfield></datafield><datafield ind1=" " ind2="4" tag="222"><subfield code="a">The Indiana State sentinel</subfield><subfield code="b">(Indianapolis, Ind. 1868. Online)</subfield></datafield><datafield ind1="1" ind2="4" tag="245"><subfield code="a">The Indiana State sentinel.</subfield></datafield><datafield ind1=" " ind2="1" tag="264"><subfield code="a">Indianapolis [Ind.] :</subfield><subfield code="b">Indianapolis Sentinel Company</subfield></datafield><datafield ind1=" " ind2=" " tag="300"><subfield code="a">1 online resource</subfield></datafield><datafield ind1=" " ind2=" " tag="310"><subfield code="a">Weekly</subfield></datafield><datafield ind1=" " ind2=" " tag="336"><subfield code="a">text</subfield><subfield code="b">txt</subfield><subfield code="2">rdacontent</subfield></datafield><datafield ind1=" " ind2=" " tag="337"><subfield code="a">computer</subfield><subfield code="b">c</subfield><subfield code="2">rdamedia</subfield></datafield><datafield ind1=" " ind2=" " tag="338"><subfield code="a">online resource</subfield><subfield code="b">cr</subfield><subfield code="2">rdacarrier</subfield></datafield><datafield ind1="1" ind2=" " tag="362"><subfield code="a">Began in Apr. 1868? Ceased with Dec. 25, 1895 issue?</subfield></datafield><datafield ind1=" " ind2=" " tag="580"><subfield code="a">Daily eds.: Indianapolis daily sentinel (Indianapolis, Ind. : 1868), 1868-1871, and: Indianapolis sentinel (Indianapolis, Ind. : 1872), 1872-1878, and: Indianapolis daily sentinel (Indianapolis, Ind. : 1878), 1878-1880, and: Indianapolis sentinel (Indianapolis, Ind. : 1880), 1880-1895.</subfield></datafield><datafield ind1=" " ind2=" " tag="588"><subfield code="a">Description based on: Vol. XIII, no. 25 (January 6, 1874); title from masthead (Chroniclingamerica.loc.gov, viewed September 3, 2014).</subfield></datafield><datafield ind1=" " ind2=" " tag="588"><subfield code="a">Latest issue consulted: December 26, 1894 (Chroniclingamerica.loc.gov, viewed September 3, 2014).</subfield></datafield><datafield ind1=" " ind2="0" tag="651"><subfield code="a">Indianapolis (Ind.)</subfield><subfield code="v">Newspapers.</subfield></datafield><datafield ind1=" " ind2="7" tag="655"><subfield code="a">Newspapers.</subfield><subfield code="2">fast</subfield><subfield code="0">(OCoLC)fst01423814</subfield></datafield><datafield ind1=" " ind2="7" tag="651"><subfield code="a">Indiana</subfield><subfield code="z">Indianapolis.</subfield><subfield code="2">fast</subfield><subfield code="0">(OCoLC)fst01205182</subfield></datafield><datafield ind1=" " ind2=" " tag="752"><subfield code="a">United States</subfield><subfield code="b">Indiana</subfield><subfield code="c">Marion</subfield><subfield code="d">Indianapolis.</subfield></datafield><datafield ind1="1" ind2=" " tag="775"><subfield code="t">Indianapolis daily sentinel (Indianapolis, Ind. : 1868 : Online)</subfield></datafield><datafield ind1="1" ind2=" " tag="775"><subfield code="t">Indianapolis sentinel (Indianapolis, Ind. : 1872 : Online)</subfield></datafield><datafield ind1="1" ind2=" " tag="775"><subfield code="t">Indianapolis daily sentinel (Indianapolis, Ind. : 1878 : Online)</subfield></datafield><datafield ind1="1" ind2=" " tag="775"><subfield code="t">Indianapolis sentinel (Indianapolis, Ind. : 1880 : Online)</subfield></datafield><datafield ind1="0" ind2="8" tag="776"><subfield code="i">Originally issued in print:</subfield><subfield code="t">Indiana State sentinel  (Indianapolis, Ind. : 1868)</subfield><subfield code="x">2374-5819</subfield><subfield code="w">(DLC)sn 87056600</subfield><subfield code="w">(OCoLC)16159234</subfield></datafield><datafield ind1="0" ind2="0" tag="780"><subfield code="t">Indiana weekly herald (Online)</subfield></datafield><datafield ind1="0" ind2="0" tag="785"><subfield code="t">State sentinel (Indianapolis, Ind. : Online)</subfield></datafield><datafield ind1="4" ind2="0" tag="856"><subfield code="u">http://www.loc.gov/chroniclingamerica/lccn/sn87056600</subfield></datafield></record>